<record><leader>00000cas a2200000 a 4500</leader><controlfield tag="001">11831881</controlfield><controlfield tag="008">850321d18951897ksuwr ne      0   a0eng d</controlfield><datafield ind1=" " ind2=" " tag="010"><subfield code="a">sn 85029171 </subfield></datafield><datafield ind1=" " ind2=" " tag="040"><subfield code="a">KSH</subfield><subfield code="b">eng</subfield><subfield code="c">KSH</subfield><subfield code="d">NPT</subfield><subfield code="d">OCL</subfield><subfield code="d">OCLCQ</subfield></datafield><datafield ind1=" " ind2=" " tag="042"><subfield code="a">msc</subfield></datafield><datafield ind1="0" ind2="4" tag="245"><subfield code="a">The Perry world.</subfield></datafield><datafield ind1=" " ind2=" " tag="260"><subfield code="a">Perry, Kan. :</subfield><subfield code="b">J.A. Roulston,</subfield><subfield code="c">1895-1897.</subfield></datafield><datafield ind1=" " ind2=" " tag="300"><subfield code="a">2 v. ;</subfield><subfield code="c">38-55 cm.</subfield></datafield><datafield ind1=" " ind2=" " tag="310"><subfield code="a">Weekly</subfield></datafield><datafield ind1="0" ind2=" " tag="362"><subfield code="a">Vol. 1, no. 1 (Aug. 1, 1895)-v. 2, no. 36 (May 6, 1897).</subfield></datafield><datafield ind1=" " ind2=" " tag="580"><subfield code="a">Continued in part by: Lecompton sun, May 14-Sept. 17, 1897; Jefferson County journal (Perry, Kan.), Sept. 24, 1897-Jan. 7, 1898.</subfield></datafield><datafield ind1=" " ind2=" " tag="752"><subfield code="a">United States</subfield><subfield code="b">Kansas</subfield><subfield code="c">Jefferson</subfield><subfield code="d">Perry.</subfield></datafield><datafield ind1="1" ind2="1" tag="785"><subfield code="t">Jefferson County journal (Perry, Kan.)</subfield><subfield code="g">Sept. 24, 1897-Jan. 7, 1898</subfield><subfield code="w">(DLC)sn 85029116</subfield></datafield><datafield ind1="1" ind2="1" tag="785"><subfield code="t">Lecompton sun</subfield><subfield code="g">May 14-Sept. 17, 1897</subfield><subfield code="w">(DLC)sn 84029560</subfield></datafield></record>